<?xml version="1.0" encoding="UTF-8"?><record xmlns="http://www.loc.gov/MARC21/slim" xmlns:cinclude="http://apache.org/cocoon/include/1.0" xmlns:zs="http://www.loc.gov/zing/srw/">
  <leader>00547cz  a2200157n  4500</leader>
  <controlfield tag="001">no2010003458</controlfield>
  <controlfield tag="003">DLC</controlfield>
  <controlfield tag="005">20121010075312.0</controlfield>
  <controlfield tag="008">100108n| acannaabn          |n aaa     c</controlfield>
  <datafield tag="010" ind1=" " ind2=" ">
    <subfield code="a">no2010003458</subfield>
  </datafield>
  <datafield tag="035" ind1=" " ind2=" ">
    <subfield code="a">(OCoLC)oca08354593</subfield>
  </datafield>
  <datafield tag="040" ind1=" " ind2=" ">
    <subfield code="a">RPB-NP</subfield>
    <subfield code="b">eng</subfield>
    <subfield code="c">RPB-NP</subfield>
    <subfield code="d">DLC</subfield>
  </datafield>
  <datafield tag="053" ind1=" " ind2="0">
    <subfield code="a">PQ2713.A3783</subfield>
  </datafield>
  <datafield tag="100" ind1="1" ind2=" ">
    <subfield code="a">Manzor, Rene휍혖,</subfield>
    <subfield code="d">1959-</subfield>
  </datafield>
  <datafield tag="670" ind1=" " ind2=" ">
    <subfield code="a">Monsieur N, 2005:</subfield>
    <subfield code="b">title frame (Rene Manzor, screenplay)</subfield>
  </datafield>
  <datafield tag="670" ind1=" " ind2=" ">
    <subfield code="a">Internet movie database, Jan. 8, 2010</subfield>
    <subfield code="b">(Rene휍혖 Manzor; b. 4 Aug. 1959, Mont-de-Marsan, Landes, France; director, writer, actor, editor)</subfield>
  </datafield>
</record>